% Long form of conference & journal abbreviations -- especially for camera ready
@String(PAMI  = {IEEE Trans. Pattern Anal. Mach. Intell.})
@String(IJCV  = {Int. J. Comput. Vis.})
@String(CVPR  = {IEEE Conf. Comput. Vis. Pattern Recog.})
@String(ICCV  = {Int. Conf. Comput. Vis.})
@String(ECCV  = {Eur. Conf. Comput. Vis.})
@String(NeurIPS = {Adv. Neural Inform. Process. Syst.})
@String(ICML  = {Int. Conf. Mach. Learn.})
@String(ICLR  = {Int. Conf. Learn. Represent.})
@String(ACCV  = {Asian Conf. Comput. Vis.})
@String(BMVC  = {Brit. Mach. Vis. Conf.})
@String(CVPRW = {IEEE Conf. Comput. Vis. Pattern Recog. Worksh.})
@String(AAAI  = {AAAI})
@String(IJCAI = {IJCAI})
@String(ICIP  = {IEEE Int. Conf. Image Process.})
@String(ICPR  = {Int. Conf. Pattern Recog.})
@String(ICASSP=	{ICASSP})
@String(ICME  = {Int. Conf. Multimedia and Expo})
@String(JMLR  = {J. Mach. Learn. Res.})
@String(TMLR  = {Trans. Mach. Learn Res.})
@String(TOG   = {ACM Trans. Graph.})
@String(TIP   = {IEEE Trans. Image Process.})
@String(TVCG  = {IEEE Trans. Vis. Comput. Graph.})
@String(TCSVT = {IEEE Trans. Circuit Syst. Video Technol.})
@String(TMM   = {IEEE Trans. Multimedia})
@String(ACMMM = {ACM Int. Conf. Multimedia})
@String(PR    = {Pattern Recognition})

@String(MNI	  = {Nature Mach. Intell.})
@String(SPL	  = {IEEE Sign. Process. Letters})
@String(VR    = {Vis. Res.})
@String(JOV	  = {J. Vis.})
@String(TVC   = {The Vis. Comput.})
@String(JCST  = {J. Comput. Sci. Tech.})
@String(CGF   = {Comput. Graph. Forum})
@String(CVM   = {Computational Visual Media})


% Short form of conference & journal abbreviations -- especially for submission version
% if desired, remove these macros in favor of the above ones
@String(PAMI  = {IEEE TPAMI})
@String(IJCV  = {IJCV})
@String(CVPR  = {CVPR})
@String(ICCV  = {ICCV})
@String(ECCV  = {ECCV})
@String(NeurIPS = {NeurIPS})
@String(ICML  = {ICML})
@String(ICLR  = {ICLR})
@String(ACCV  = {ACCV})
@String(BMVC  =	{BMVC})
@String(CVPRW = {CVPRW})
@String(AAAI  = {AAAI})
@String(IJCAI = {IJCAI})
@String(ICIP  = {ICIP})
@String(ICPR  = {ICPR})
@String(ICASSP=	{ICASSP})
@String(ICME  =	{ICME})
@String(JMLR  = {JMLR})
@String(TMLR  = {TMLR})
@String(TOG   = {ACM TOG})
@String(TIP   = {IEEE TIP})
@String(TVCG  = {IEEE TVCG})
@String(TCSVT = {IEEE TCSVT})
@String(TMM   =	{IEEE TMM})
@String(ACMMM = {ACM MM})
@String(PR    = {PR})



@misc{mildenhall2020nerf,
	title={NeRF: Representing Scenes as Neural Radiance Fields for View Synthesis},
	author={Ben Mildenhall and Pratul P. Srinivasan and Matthew Tancik and Jonathan T. Barron and Ravi Ramamoorthi and Ren Ng},
	journal = {Proceedings of the IEEE European Conf. on Computer Vision (ECCV)},
	year={2020},
	eprint={2003.08934},
	archivePrefix={arXiv},
	primaryClass={cs.CV}
}

@inproceedings{martinbrualla2020nerfw,
	author = {Martin-Brualla, Ricardo and Radwan, Noha and Sajjadi, Mehdi S. M. and Barron, Jonathan T. and Dosovitskiy, Alexey and Duckworth, Daniel},
	title = {{NeRF in the Wild: Neural Radiance Fields for
	Unconstrained Photo Collections}},
	booktitle = {arXiv},
	year={2020}
}

@article{hedman2021baking,
  title={Baking Neural Radiance Fields for Real-Time View Synthesis},
  author={Hedman, Peter and Srinivasan, Pratul P and Mildenhall, Ben and Barron, Jonathan T and Debevec, Paul},
  journal={arXiv preprint arXiv:2103.14645},
  year={2021}
}

@Article{Majercik2018Voxel,
  author  = {Alexander Majercik and Cyril Crassin and Peter Shirley and Morgan McGuire},
  title   = {A Ray-Box Intersection Algorithm and Efficient Dynamic Voxel Rendering},
  journal = {Journal of Computer Graphics Techniques (JCGT)},
  year    = {2018},
  volume  = {7},
  number  = {3},
  pages   = {66--81},
  month   = {September},
  issn    = {2331-7418},
  day     = {20},
  url     = {http://jcgt.org/published/0007/03/04/},
}

@misc{tancik2020fourier,
	title={Fourier Features Let Networks Learn High Frequency Functions in Low Dimensional Domains},
	author={Matthew Tancik and Pratul P. Srinivasan and Ben Mildenhall and Sara Fridovich-Keil and Nithin Raghavan and Utkarsh Singhal and Ravi Ramamoorthi and Jonathan T. Barron and Ren Ng},
	year={2020},
	eprint={2006.10739},
	archivePrefix={arXiv},
	primaryClass={cs.CV}
}

@InProceedings{park2019deepsdf,
	author = {Park, Jeong Joon and Florence, Peter and Straub, Julian and Newcombe, Richard and Lovegrove, Steven},
	title = {DeepSDF: Learning Continuous Signed Distance Functions for Shape Representation},
	booktitle = {Proceedings of the IEEE Conference on Computer Vision and Pattern Recognition (CVPR)},
	month = {June},
	year = {2019}
}

@article{tan1995reducingDataDimensionality,
	author = {Tan, Shufeng and Mayrovouniotis, Michael L.},
	title = {Reducing data dimensionality through optimizing neural network inputs},
	journal = {AIChE Journal},
	volume = {41},
	number = {6},
	pages = {1471-1480},
	doi = {10.1002/aic.690410612},
	url = {https://aiche.onlinelibrary.wiley.com/doi/abs/10.1002/aic.690410612},
	eprint = {https://aiche.onlinelibrary.wiley.com/doi/pdf/10.1002/aic.690410612},
	year = {1995}
}

@inproceedings{niemeyer2020dvr,
	title = {Differentiable Volumetric Rendering: Learning Implicit 3D Representations without 3D Supervision},
	author = {Niemeyer, Michael and Mescheder, Lars and Oechsle, Michael and Geiger, Andreas},
	booktitle = {Proceedings of the IEEE Conference on Computer Vision and Pattern Recognition (CVPR)},
	year = {2020}
}

@article{tewari2020NeuralSTAR,
	author = {Tewari, A. and Fried, O. and Thies, J. and Sitzmann, V. and Lombardi, S. and Sunkavalli, K. and Martin-Brualla, R. and Simon, T. and Saragih, J. and Nie{\ss}ner, M. and Pandey, R. and Fanello, S. and Wetzstein, G. and Zhu, J.-Y. and Theobalt, C. and Agrawala, M. and Shechtman, E. and Goldman, D. B and Zollh{\"o}fer, M.},
	title = {{State of the Art on Neural Rendering}},
	journal = {Computer Graphics Forum (EG STAR 2020)},
	year = {2020}
}

@book{hartley2003mvgeometry,
	author = {Hartley, Richard and Zisserman, Andrew},
	title = {Multiple View Geometry in Computer Vision},
	year = {2003},
	isbn = {0521540518},
	publisher = {Cambridge University Press},
	address = {USA},
	edition = {2}
}

@misc{simonyan2015deep,
      title={Very Deep Convolutional Networks for Large-Scale Image Recognition}, 
      author={Karen Simonyan and Andrew Zisserman},
      year={2015},
      eprint={1409.1556},
      archivePrefix={arXiv},
      primaryClass={cs.CV}
}

@inproceedings{schoenberger2016SfMrevisited,
	author={Sch\"{o}nberger, Johannes Lutz and Frahm, Jan-Michael},
	title={{Structure-from-Motion Revisited}},
	booktitle={Proceedings of the IEEE Conference on Computer Vision and Pattern Recognition (CVPR)},
	year={2016},
}

@INPROCEEDINGS{shum1999hierarchicalSfM,
	author={ {Heung-Yeung Shum} and  {Qifa Ke} and  {Zhengyou Zhang}},
	booktitle={Proceedings of the IEEE Computer Society Conference on Computer Vision and Pattern Recognition (CVPR)},
	title={Efficient bundle adjustment with virtual key frames: a hierarchical approach to multi-frame structure from motion},
	year={1999},
	volume={2},
	number={},
	pages={538-543 Vol. 2},
}

@article{bianco2018performanceevalSfM,
	author = {Bianco, Simone and Ciocca, Gianluigi and Marelli, Davide},
	year = {2018},
	month = {08},
	pages = {98},
	title = {Evaluating the Performance of Structure from Motion Pipelines},
	volume = {4},
	journal = {Journal of Imaging},
	doi = {10.3390/jimaging4080098}
}

@inproceedings{schoenberger2016mvs,
	author={Sch\"{o}nberger, Johannes Lutz and Zheng, Enliang and Pollefeys, Marc and Frahm, Jan-Michael},
	title={{Pixelwise View Selection for Unstructured Multi-View Stereo}},
	booktitle={Proceedings of the IEEE European Conf. on Computer Vision (ECCV)},
	year={2016},
}

@article{argarwal2011romeinaday,
	author = {Agarwal, Sameer and Furukawa, Yasutaka and Snavely, Noah and Simon, Ian and Curless, Brian and Seitz, Steven M. and Szeliski, Richard},
	title = {Building Rome in a Day},
	year = {2011},
	issue_date = {October 2011},
	publisher = {Association for Computing Machinery},
	address = {New York, NY, USA},
	volume = {54},
	number = {10},
	issn = {0001-0782},
	url = {https://doi.org/10.1145/2001269.2001293},
	doi = {10.1145/2001269.2001293},
	journal = {Commun. ACM},
	month = oct,
	pages = {105â€“112},
	numpages = {8}
}

@inproceedings{sitzmann2019srns,
	author = {Sitzmann, Vincent
	and Zollh{\"o}fer, Michael
	and Wetzstein, Gordon},
	title = {Scene Representation Networks: Continuous 3D-Structure-Aware Neural Scene Representations},
	booktitle = {Advances in Neural Information Processing Systems},
	year={2019}
}


@article{lombardi2019neuralvolumes,
	author = {Stephen Lombardi and Tomas Simon and Jason Saragih and Gabriel Schwartz and Andreas Lehrmann and Yaser Sheikh},
	title = {Neural Volumes: Learning Dynamic Renderable Volumes from Images},
	journal = {ACM Trans. Graph.},
	issue_date = {July 2019},
	volume = {38},
	number = {4},
	month = jul,
	year = {2019},
	issn = {0730-0301},
	pages = {65:1--65:14},
	articleno = {65},
	numpages = {14},
	url = {http://doi.acm.org/10.1145/3306346.3323020},
	doi = {10.1145/3306346.3323020},
	acmid = {3323020},
	publisher = {ACM},
	address = {New York, NY, USA},
}

@InProceedings{mescheder2019occupancynetworks,
	author = {Mescheder, Lars and Oechsle, Michael and Niemeyer, Michael and Nowozin, Sebastian and Geiger, Andreas},
	title = {Occupancy Networks: Learning 3D Reconstruction in Function Space},
	booktitle = {Proceedings of the IEEE/CVF Conference on Computer Vision and Pattern Recognition (CVPR)},
	month = {June},
	year = {2019}
}

@misc{xu2019disn,
	title={DISN: Deep Implicit Surface Network for High-quality Single-view 3D Reconstruction},
	author={Qiangeng Xu and Weiyue Wang and Duygu Ceylan and Radomir Mech and Ulrich Neumann},
	year={2019},
	eprint={1905.10711},
	archivePrefix={arXiv},
	primaryClass={cs.CV}
}

@inproceedings{sitzmann2019deepvoxels,
	author = {Sitzmann, Vincent
	and Thies, Justus
	and Heide, Felix
	and Nie{\ss}ner, Matthias
	and Wetzstein, Gordon
	and Zollh{\"o}fer, Michael},
	title = {DeepVoxels: Learning Persistent 3D Feature Embeddings},
	booktitle = {Proceedings of the IEEE/CVF Conference on Computer Vision and Pattern Recognition (CVPR)},
	year={2019}
}

@article{flynn2019DeepView,
	title={DeepView: View Synthesis With Learned Gradient Descent},
	ISBN={9781728132938},
	url={http://dx.doi.org/10.1109/CVPR.2019.00247},
	DOI={10.1109/cvpr.2019.00247},
	journal={Proceedings IEEE/CVF Conference on Computer Vision and Pattern Recognition (CVPR)},
	publisher={IEEE},
	author={Flynn, John and Broxton, Michael and Debevec, Paul and DuVall, Matthew and Fyffe, Graham and Overbeck, Ryan and Snavely, Noah and Tucker, Richard},
	year={2019},
	month={Jun}
}

@misc{lu2020layeredNeural,
	title={Layered Neural Rendering for Retiming People in Video},
	author={Erika Lu and Forrester Cole and Tali Dekel and Weidi Xie and Andrew Zisserman and David Salesin and William T. Freeman and Michael Rubinstein},
	year={2020},
	eprint={2009.07833},
	archivePrefix={arXiv},
	primaryClass={cs.CV}
}

@inproceedings{zhou2018stereo,
	Author = {Zhou, Tinghui and Tucker, Richard and Flynn, John and Fyffe, Graham and Snavely, Noah},
	Title = {Stereo Magnification: Learning View Synthesis using Multiplane Images},
	Booktitle = {SIGGRAPH},
	Year = {2018}
}

@INPROCEEDINGS{srinivasan2019viewextrapolationmultiplaneimages,
	author={P. P. {Srinivasan} and R. {Tucker} and J. T. {Barron} and R. {Ramamoorthi} and R. {Ng} and N. {Snavely}},
	booktitle={Proceedings of the IEEE/CVF Conference on Computer Vision and Pattern Recognition (CVPR)},
	title={Pushing the Boundaries of View Extrapolation With Multiplane Images},
	year={2019},
	volume={},
	number={},
	pages={175-184},}

@InProceedings{dai2020neuralpointcloudmultiplane,
	author = {Dai, Peng and Zhang, Yinda and Li, Zhuwen and Liu, Shuaicheng and Zeng, Bing},
	title = {Neural Point Cloud Rendering via Multi-Plane Projection},
	booktitle = {Proceedings of the IEEE/CVF Conference on Computer Vision and Pattern Recognition (CVPR)},
	month = {June},
	year = {2020}
}

@ARTICLE{ozden2010multibodySfM,
	author={K. E. {Ozden} and K. {Schindler} and L. {Van Gool}},
	journal={IEEE Transactions on Pattern Analysis and Machine Intelligence},
	title={Multibody Structure-from-Motion in Practice},
	year={2010},
	volume={32},
	number={6},
	pages={1134-1141},
}

@INPROCEEDINGS{costeira1995multibodyfactorizationformotion,
	author={J. {Costeira} and T. {Kanade}},
	booktitle={Proceedings of IEEE International Conference on Computer Vision},
	title={A multi-body factorization method for motion analysis},
	year={1995},
	volume={},
	number={},
	pages={1071-1076},
}

@ARTICLE{sowizral2000scenegraphs,
	author={H. {Sowizral}},
	journal={IEEE Computer Graphics and Applications},
	title={Scene graphs in the new millennium},
	year={2000},
	volume={20},
	number={1},
	pages={56-57},
}

@INPROCEEDINGS{nadeau2000volumeSceneGraphs,
	author={D. R. {Nadeau}},
	booktitle={2000 IEEE Symposium on Volume Visualization (VV 2000)},
	title={Volume Scene Graphs},
	year={2000},
	volume={},
	number={},
	pages={49-56},
}

@article{cunningham2001lessonsfromSG,
	title={Lessons from scene graphs: using scene graphs to teach hierarchical modeling},
	author={S. Cunningham and M. Bailey},
	journal={Comput. Graph.},
	year={2001},
	volume={25},
	pages={703-711}
}

@inproceedings{Wernecke1993TheIM,
	title={The inventor mentor - programming object-oriented 3D graphics with Open Inventor, release 2},
	author={J. Wernecke},
	year={1993}
}

@article{sowizral1998introductionJava3D,
	title={Introduction to Programming with Java 3D},
	author={Sowizral, Henry A and Nadeau, David R and Bailey, Michael J and Deering, Michael F},
	journal={ACM SIGGRAPH 98 Course Notes},
	year={1998}
}

@book{ames1997vrml,
	title={The VRML 2.0 sourcebook},
	author={Ames, Andrea L and Nadeau, David R and Moreland, John L},
	year={1997},
	publisher={John Wiley \& Sons, Inc.}
}

@inproceedings{johnson2018image,
	title={Image Generation from Scene Graphs},
	author={Johnson, Justin and Gupta, Agrim and Fei-Fei, Li},
	booktitle={CVPR},
	year={2018}
}

  @inproceedings{dhamo2020SIMSG,
	title={Semantic Image Manipulation Using Scene Graphs},
	author={Dhamo, Helisa and Farshad, Azade, and Laina, Iro and Navab, Nassir and
	Hager, Gregory D., and Tombari, Federico and Rupprecht, Christian},
	booktitle={CVPR},
	year={2020}
}

@INPROCEEDINGS{geiger2012kittivisonbenchmark,
	author = {Andreas Geiger and Philip Lenz and Raquel Urtasun},
	title = {Are we ready for Autonomous Driving? The KITTI Vision Benchmark Suite},
	booktitle = {Proceedings of the IEEE Conference on Computer Vision and Pattern Recognition (CVPR)},
	year = {2012}
}

@misc{cabon2020vkitti2,
	title={Virtual KITTI 2},
	author={Cabon, Yohann and Murray, Naila and Humenberger, Martin},
	year={2020},
	eprint={2001.10773},
	archivePrefix={arXiv},
	primaryClass={cs.CV}
}

@article{thies2019deferred,
	title={Deferred neural rendering},
	volume={38},
	ISSN={1557-7368},
	url={http://dx.doi.org/10.1145/3306346.3323035},
	DOI={10.1145/3306346.3323035},
	number={4},
	journal={ACM Transactions on Graphics},
	publisher={Association for Computing Machinery (ACM)},
	author={Thies, Justus and ZollhÃ¶fer, Michael and NieÃŸner, Matthias},
	year={2019},
	month={Jul},
	pages={1â€“12}
}

@article{chen2018deepSLF,
	title={Deep Surface Light Fields},
	volume={1},
	ISSN={2577-6193},
	url={http://dx.doi.org/10.1145/3203192},
	DOI={10.1145/3203192},
	number={1},
	journal={Proceedings of the ACM on Computer Graphics and Interactive Techniques},
	publisher={Association for Computing Machinery (ACM)},
	author={Chen, Anpei and Wu, Minye and Zhang, Yingliang and Li, Nianyi and Lu, Jie and Gao, Shenghua and Yu, Jingyi},
	year={2018},
	month={Jul},
	pages={1â€“17}
}

@misc{yan2016perspective,
	title={Perspective Transformer Nets: Learning Single-View 3D Object Reconstruction without 3D Supervision},
	author={Xinchen Yan and Jimei Yang and Ersin Yumer and Yijie Guo and Honglak Lee},
	year={2016},
	eprint={1612.00814},
	archivePrefix={arXiv},
	primaryClass={cs.CV}
}

@article{mildenhall2019llff,
	title={Local Light Field Fusion: Practical View Synthesis with Prescriptive Sampling Guidelines},
	author={Ben Mildenhall and Pratul P. Srinivasan and Rodrigo Ortiz-Cayon and Nima Khademi Kalantari and Ravi Ramamoorthi and Ren Ng and Abhishek Kar},
	journal={ACM Transactions on Graphics (TOG)},
	year={2019}
}

@article{yoon2020dynamic,
	title={Novel View Synthesis of Dynamic Scenes with Globally Coherent Depths from a Monocular Camera},
	author={Yoon, Jae Shin and Kim, Kihwan and Gallo, Orazio and Park, Hyun Soo and Kautz, Jan},
	booktitle={Proceedings of the IEEE Conference on Computer Vision and Pattern Recognition (CVPR)},
	month={June},
	year={2020}
}

@article{aliev2020neuralpointbased,
	title={Neural Point-Based Graphics},
	author={Kara-Ali Aliev and Artem Sevastopolsky and Maria Kolos and Dmitry Ulyanov and Victor Lempitsky},
	year={2020},
	eprint={1906.08240v3},
	archivePrefix={arXiv},
	primaryClass={cs.CV}
}

@inproceedings{pittaluga2019revealing,
	title={Revealing scenes by inverting structure from motion reconstructions},
	author={Pittaluga, Francesco and Koppal, Sanjeev J and Bing Kang, Sing and Sinha, Sudipta N},
	booktitle={Proceedings of the IEEE Conference on Computer Vision and Pattern Recognition (CVPR)},
	pages={145--154},
	year={2019}
}

@inproceedings{zhang2018perceptual,
  title={The unreasonable effectiveness of deep features as a perceptual metric},
  author={Zhang, Richard and Isola, Phillip and Efros, Alexei A and Shechtman, Eli and Wang, Oliver},
  booktitle={Proceedings of the IEEE conference on computer vision and pattern recognition (CVPR)},
  pages={586--595},
  year={2018}
}


@inproceedings{wang2003ssim,
	author = {Wang, Z. and Simoncelli, Eero and Bovik, Alan},
	year = {2003},
	month = {12},
	pages = {1398 - 1402 Vol.2},
	title = {Multiscale structural similarity for image quality assessment},
	volume = {2},
	isbn = {0-7803-8104-1},
	journal = {Conference Record of the Asilomar Conference on Signals, Systems and Computers},
	doi = {10.1109/ACSSC.2003.1292216}
}

@article{Kingma2015AdamAM,
  title={Adam: A Method for Stochastic Optimization},
  author={Diederik P. Kingma and Jimmy Ba},
  journal={CoRR},
  year={2015},
  volume={abs/1412.6980}
}


@InProceedings{shi2019pointrcnn,
	author = {Shi, Shaoshuai and Wang, Xiaogang and Li, Hongsheng},
	title = {PointRCNN: 3D Object Proposal Generation and Detection From Point Cloud},
	booktitle = {Proceedings of the IEEE Conference on Computer Vision and Pattern Recognition (CVPR)},
	month = {June},
	year = {2019}
}


@inproceedings{yang2020surfelgan,
	title={SurfelGAN: Synthesizing realistic sensor data for autonomous driving},
	author={Yang, Zhenpei and Chai, Yuning and Anguelov, Dragomir and Zhou, Yin and Sun, Pei and Erhan, Dumitru and Rafferty, Sean and Kretzschmar, Henrik},
	booktitle={Proceedings of the IEEE/CVF Conference on Computer Vision and Pattern Recognition (CVPR)},
	pages={11118--11127},
	year={2020}
}

@inproceedings{riegler2021stable,
  title={Stable view synthesis},
  author={Riegler, Gernot and Koltun, Vladlen},
  booktitle={Proceedings of the IEEE/CVF Conference on Computer Vision and Pattern Recognition},
  pages={12216--12225},
  year={2021}
}

@inproceedings{riegler2020free,
  title={Free view synthesis},
  author={Riegler, Gernot and Koltun, Vladlen},
  booktitle={European Conference on Computer Vision},
  pages={623--640},
  year={2020},
  organization={Springer}
}

@inproceedings{aliev2020neural,
  title={Neural point-based graphics},
  author={Aliev, Kara-Ali and Sevastopolsky, Artem and Kolos, Maria and Ulyanov, Dmitry and Lempitsky, Victor},
  booktitle={Computer Vision--ECCV 2020: 16th European Conference, Glasgow, UK, August 23--28, 2020, Proceedings, Part XXII 16},
  pages={696--712},
  year={2020},
  organization={Springer}
}

@inproceedings{kopanas2021point,
  title={Point-Based Neural Rendering with Per-View Optimization},
  author={Kopanas, Georgios and Philip, Julien and Leimk{\"u}hler, Thomas and Drettakis, George},
  booktitle={Computer Graphics Forum},
  volume={40},
  number={4},
  pages={29--43},
  year={2021},
  organization={Wiley Online Library}
}

@article{deng2021depth,
  title={Depth-supervised NeRF: Fewer Views and Faster Training for Free},
  author={Deng, Kangle and Liu, Andrew and Zhu, Jun-Yan and Ramanan, Deva},
  journal={arXiv preprint arXiv:2107.02791},
  year={2021}
}

@article{neff2021donerf,
  title={DONeRF: Towards real-time rendering of neural radiance fields using depth oracle networks},
  author={Neff, Thomas and Stadlbauer, Pascal and Parger, Mathias and Kurz, Andreas and Alla Chaitanya, Chakravarty R and Kaplanyan, Anton and Steinberger, Markus},
  booktitle={Computer Graphics Forum},
  volume={40},
  year={2021},
}

@article{liu2020neural,
  title={Neural sparse voxel fields},
  author={Liu, Lingjie and Gu, Jiatao and Lin, Kyaw Zaw and Chua, Tat-Seng and Theobalt, Christian},
  journal={arXiv preprint arXiv:2007.11571},
  year={2020}
}

@article{hao2021gancraft,
  title={GANcraft: Unsupervised 3D Neural Rendering of Minecraft Worlds},
  author={Hao, Zekun and Mallya, Arun and Belongie, Serge and Liu, Ming-Yu},
  journal={arXiv preprint arXiv:2104.07659},
  year={2021}
}


@inproceedings{levoy1996light,
  title={Light field rendering},
  author={Levoy, Marc and Hanrahan, Pat},
  booktitle={Proceedings of the 23rd annual conference on Computer graphics and interactive techniques},
  pages={31--42},
  year={1996}
}


@article{goyal2021revisiting,
  title={Revisiting Point Cloud Shape Classification with a Simple and Effective Baseline},
  author={Goyal, Ankit and Law, Hei and Liu, Bowei and Newell, Alejandro and Deng, Jia},
  journal={arXiv preprint arXiv:2106.05304},
  year={2021}
}


@article{zhang2021nerfactor,
  title={NeRFactor: Neural Factorization of Shape and Reflectance Under an Unknown Illumination},
  author={Zhang, Xiuming and Srinivasan, Pratul P and Deng, Boyang and Debevec, Paul and Freeman, William T and Barron, Jonathan T},
  journal={arXiv preprint arXiv:2106.01970},
  year={2021}
}

@inproceedings{srinivasan2021nerv,
  title={Nerv: Neural reflectance and visibility fields for relighting and view synthesis},
  author={Srinivasan, Pratul P and Deng, Boyang and Zhang, Xiuming and Tancik, Matthew and Mildenhall, Ben and Barron, Jonathan T},
  booktitle={Proceedings of the IEEE/CVF Conference on Computer Vision and Pattern Recognition (CVPR)},
  pages={7495--7504},
  year={2021}
}

@inproceedings{sun2020scalability,
  title={Scalability in perception for autonomous driving: Waymo open dataset},
  author={Sun, Pei and Kretzschmar, Henrik and Dotiwalla, Xerxes and Chouard, Aurelien and Patnaik, Vijaysai and Tsui, Paul and Guo, James and Zhou, Yin and Chai, Yuning and Caine, Benjamin and others},
  booktitle={Proceedings of the IEEE/CVF Conference on Computer Vision and Pattern Recognition (CVPR)},
  pages={2446--2454},
  year={2020}
}

@inproceedings{boss2021nerd,
  title={NeRD: Neural reflectance decomposition from image collections},
  author={Boss, Mark and Braun, Raphael and Jampani, Varun and Barron, Jonathan T and Liu, Ce and Lensch, Hendrik},
  booktitle={Proceedings of the IEEE/CVF International Conference on Computer Vision},
  pages={12684--12694},
  year={2021}
}

@article{liu2021nelf,
  title={NeLF: Practical Novel View Synthesis with Neural Light Field},
  author={Liu, Celong and Li, Zhong and Yuan, Junsong and Xu, Yi},
  journal={arXiv preprint arXiv:2105.07112},
  year={2021}
}

@article{sitzmann2021light,
  title={Light Field Networks: Neural Scene Representations with Single-Evaluation Rendering},
  author={Sitzmann, Vincent and Rezchikov, Semon and Freeman, William T and Tenenbaum, Joshua B and Durand, Fredo},
  journal={arXiv preprint arXiv:2106.02634},
  year={2021}
}

@inproceedings{wang2021ibrnet,
  title={Ibrnet: Learning multi-view image-based rendering},
  author={Wang, Qianqian and Wang, Zhicheng and Genova, Kyle and Srinivasan, Pratul P and Zhou, Howard and Barron, Jonathan T and Martin-Brualla, Ricardo and Snavely, Noah and Funkhouser, Thomas},
  booktitle={Proceedings of the IEEE/CVF Conference on Computer Vision and Pattern Recognition (CVPR)},
  pages={4690--4699},
  year={2021}
}

@inproceedings{yu2021pixelnerf,
  title={pixelnerf: Neural radiance fields from one or few images},
  author={Yu, Alex and Ye, Vickie and Tancik, Matthew and Kanazawa, Angjoo},
  booktitle={Proceedings of the IEEE/CVF Conference on Computer Vision and Pattern Recognition (CVPR)},
  pages={4578--4587},
  year={2021}
}

@inproceedings{hamdi2021mvtn,
  title={MVTN: Multi-View Transformation Network for 3D Shape Recognition},
  author={Hamdi, Abdullah and Giancola, Silvio and Ghanem, Bernard},
  booktitle={Proceedings of the IEEE/CVF International Conference on Computer Vision},
  pages={1--11},
  year={2021}
}


@article{arandjelovic2021nerf,
  title={NeRF in detail: Learning to sample for view synthesis},
  author={Arandjelovi{\'c}, Relja and Zisserman, Andrew},
  journal={arXiv preprint arXiv:2106.05264},
  year={2021}
}

@article{devries2021unconstrained,
  title={Unconstrained Scene Generation with Locally Conditioned Radiance Fields},
  author={DeVries, Terrance and Bautista, Miguel Angel and Srivastava, Nitish and Taylor, Graham W and Susskind, Joshua M},
  journal={arXiv preprint arXiv:2104.00670},
  year={2021}
}


@book{adelson1991plenoptic,
  title={The plenoptic function and the elements of early vision},
  author={Adelson, Edward H and Bergen, James R and others},
  volume={2},
  year={1991},
  publisher={Vision and Modeling Group, Media Laboratory, Massachusetts Institute of~â€¦}
}


@inproceedings{wanner2012globally,
  title={Globally consistent depth labeling of 4D light fields},
  author={Wanner, Sven and Goldluecke, Bastian},
  booktitle={2012 IEEE Conference on Computer Vision and Pattern Recognition},
  pages={41--48},
  year={2012},
  organization={IEEE}
}

@article{wanner2013variational,
  title={Variational light field analysis for disparity estimation and super-resolution},
  author={Wanner, Sven and Goldluecke, Bastian},
  journal={IEEE transactions on pattern analysis and machine intelligence},
  volume={36},
  number={3},
  pages={606--619},
  year={2013},
  publisher={IEEE}
}

@inproceedings{he2016deep,
  title={Deep residual learning for image recognition},
  author={He, Kaiming and Zhang, Xiangyu and Ren, Shaoqing and Sun, Jian},
  booktitle={Proceedings of the IEEE conference on computer vision and pattern recognition},
  pages={770--778},
  year={2016}
}

@article{zhou2018open3d,
  title={Open3D: A modern library for 3D data processing},
  author={Zhou, Qian-Yi and Park, Jaesik and Koltun, Vladlen},
  journal={arXiv preprint arXiv:1801.09847},
  year={2018}
}

@inproceedings{rusinkiewicz2001efficient,
  title={Efficient variants of the ICP algorithm},
  author={Rusinkiewicz, Szymon and Levoy, Marc},
  booktitle={Proceedings third international conference on 3-D digital imaging and modeling},
  pages={145--152},
  year={2001},
  organization={IEEE}
}

@inproceedings{vaswani2017attention,
  title={Attention is all you need},
  author={Vaswani, Ashish and Shazeer, Noam and Parmar, Niki and Uszkoreit, Jakob and Jones, Llion and Gomez, Aidan N and Kaiser, {\L}ukasz and Polosukhin, Illia},
  booktitle={Advances in neural information processing systems},
  pages={5998--6008},
  year={2017}
}

@incollection{pytorch,
title = {PyTorch: An Imperative Style, High-Performance Deep Learning Library},
author = {Paszke, Adam and Gross, Sam and Massa, Francisco and Lerer, Adam and Bradbury, James and Chanan, Gregory and Killeen, Trevor and Lin, Zeming and Gimelshein, Natalia and Antiga, Luca and Desmaison, Alban and Kopf, Andreas and Yang, Edward and DeVito, Zachary and Raison, Martin and Tejani, Alykhan and Chilamkurthy, Sasank and Steiner, Benoit and Fang, Lu and Bai, Junjie and Chintala, Soumith},
booktitle = {Advances in Neural Information Processing Systems 32},
editor = {H. Wallach and H. Larochelle and A. Beygelzimer and F. d\textquotesingle Alch\'{e}-Buc and E. Fox and R. Garnett},
pages = {8024--8035},
year = {2019},
publisher = {Curran Associates, Inc.},
url = {http://papers.neurips.cc/paper/9015-pytorch-an-imperative-style-high-performance-deep-learning-library.pdf}
}

@article{ravi2020pytorch3d,
    author = {Nikhila Ravi and Jeremy Reizenstein and David Novotny and Taylor Gordon
                  and Wan-Yen Lo and Justin Johnson and Georgia Gkioxari},
    title = {Accelerating 3D Deep Learning with PyTorch3D},
    journal = {arXiv:2007.08501},
    year = {2020},
}
@article{park2021nerfies,
  author    = {Park, Keunhong and Sinha, Utkarsh and Barron, Jonathan T. and Bouaziz, Sofien and Goldman, Dan B and Seitz, Steven M. and Martin-Brualla, Ricardo},
  title     = {Nerfies: Deformable Neural Radiance Fields},
  journal   = {Proceedings of the IEEE International Conference on Computer Vision},
  year      = {2021},
}


@inproceedings{xian2021space,
  author    = {Wenqi Xian and Jia-Bin Huang and Johannes Kopf and Changil Kim},
  title     = {Space-time Neural Irradiance Fields for Free-Viewpoint Video},
  booktitle = {Proceedings of the IEEE/CVF Conference on Computer Vision and Pattern Recognition (CVPR)},
  year      = {2021},
  pages     = {9421--9431},
}

@inproceedings{Schwarz2020NEURIPS,
  title = {GRAF: Generative Radiance Fields for 3D-Aware Image Synthesis},
  author = {Schwarz, Katja and Liao, Yiyi and Niemeyer, Michael and Geiger, Andreas},
  booktitle = {Advances in Neural Information Processing Systems (NeurIPS)},
  year = {2020}
}

@inproceedings{Niemeyer2020GIRAFFE,
          author    = {Michael Niemeyer and Andreas Geiger},  
          title     = {GIRAFFE: Representing Scenes as Compositional Generative Neural Feature Fields},
          booktitle   = {Proc. IEEE Conf. on Computer Vision and Pattern Recognition (CVPR)},
          year      = {2021},
          }
          
@inproceedings{ost2021neural,
  title={Neural scene graphs for dynamic scenes},
  author={Ost, Julian and Mannan, Fahim and Thuerey, Nils and Knodt, Julian and Heide, Felix},
  booktitle={Proceedings of the IEEE/CVF Conference on Computer Vision and Pattern Recognition (CVPR)},
  pages={2856--2865},
  year={2021}
}

@article{garbin2021fastnerf,
  title={Fastnerf: High-fidelity neural rendering at 200fps},
  author={Garbin, Stephan J and Kowalski, Marek and Johnson, Matthew and Shotton, Jamie and Valentin, Julien},
  journal={arXiv preprint arXiv:2103.10380},
  year={2021}
}

@inproceedings{sitzmann2021lfns,
    author = {Sitzmann, Vincent and Rezchikov, Semon and Freeman, William T. and Tenenbaum, Joshua B. and Durand, Fredo},
    title = {Light Field Networks: Neural Scene Representations with Single-Evaluation Rendering},
    booktitle = {Proc. NeurIPS},
    year={2021}
}

@article{bolles1987epipolar,
  title={Epipolar-plane image analysis: An approach to determining structure from motion},
  author={Bolles, Robert C and Baker, H Harlyn and Marimont, David H},
  journal={International journal of computer vision},
  volume={1},
  number={1},
  pages={7--55},
  year={1987},
  publisher={Springer}
}

@article{hu2022monocular,
  title={Monocular quasi-dense 3d object tracking},
  author={Hu, Hou-Ning and Yang, Yung-Hsu and Fischer, Tobias and Darrell, Trevor and Yu, Fisher and Sun, Min},
  journal={IEEE Transactions on Pattern Analysis and Machine Intelligence},
  year={2022},
  publisher={IEEE}
}

@inproceedings{weng2020AB3DMOT,
  title={3d multi-object tracking: A baseline and new evaluation metrics},
  author={Weng, Xinshuo and Wang, Jianren and Held, David and Kitani, Kris},
  booktitle={2020 IEEE/RSJ International Conference on Intelligent Robots and Systems (IROS)},
  pages={10359--10366},
  year={2020},
  organization={IEEE}
}

@inproceedings{zhou2020CenterTrack,
  title={Tracking objects as points},
  author={Zhou, Xingyi and Koltun, Vladlen and Kr{\"a}henb{\"u}hl, Philipp},
  booktitle={European Conference on Computer Vision},
  pages={474--490},
  year={2020},
  organization={Springer}
}

@inproceedings{zhou2019CenterPointVision,
  title={Objects as Points},
  author={Zhou, Xingyi and Wang, Dequan and Kr{\"a}henb{\"u}hl, Philipp},
  booktitle={arXiv preprint arXiv:1904.07850},
  year={2019}
}

@inproceedings{yin2021center,
  title={Center-based 3d object detection and tracking},
  author={Yin, Tianwei and Zhou, Xingyi and Krahenbuhl, Philipp},
  booktitle={Proceedings of the IEEE/CVF conference on computer vision and pattern recognition},
  pages={11784--11793},
  year={2021}
}


@inproceedings{wu2021trades,
  title={Track to detect and segment: An online multi-object tracker},
  author={Wu, Jialian and Cao, Jiale and Song, Liangchen and Wang, Yu and Yang, Ming and Yuan, Junsong},
  booktitle={Proceedings of the IEEE/CVF conference on computer vision and pattern recognition},
  pages={12352--12361},
  year={2021}
}

@article{gladkova2022directtracker,
  title={DirectTracker: 3D Multi-Object Tracking Using Direct Image Alignment and Photometric Bundle Adjustment},
  author={Gladkova, Mariia and Korobov, Nikita and Demmel, Nikolaus and O{\v{s}}ep, Aljo{\v{s}}a and Leal-Taix{\'e}, Laura and Cremers, Daniel},
  journal={arXiv preprint arXiv:2209.14965},
  year={2022}
}

@inproceedings{nguyen2022multiCamMultiTrack,
  title={Multi-Camera Multiple 3D Object Tracking on the Move for Autonomous Vehicles},
  author={Nguyen, Pha and Quach, Kha Gia and Duong, Chi Nhan and Le, Ngan and Nguyen, Xuan-Bac and Luu, Khoa},
  booktitle={Proceedings of the IEEE/CVF Conference on Computer Vision and Pattern Recognition},
  pages={2569--2578},
  year={2022}
}

@inproceedings{marinello2022triplettrack,
  title={TripletTrack: 3D Object Tracking Using Triplet Embeddings and LSTM},
  author={Marinello, Nicola and Proesmans, Marc and Van Gool, Luc},
  booktitle={Proceedings of the IEEE/CVF Conference on Computer Vision and Pattern Recognition},
  pages={4500--4510},
  year={2022}
}


@article{chaabane2021deft,
  title={Deft: Detection embeddings for tracking},
  author={Chaabane, Mohamed and Zhang, Peter and Beveridge, J Ross and O'Hara, Stephen},
  journal={arXiv preprint arXiv:2102.02267},
  year={2021}
}

@inproceedings{long2015fully,
  title={Fully convolutional networks for semantic segmentation},
  author={Long, Jonathan and Shelhamer, Evan and Darrell, Trevor},
  booktitle={Proceedings of the IEEE conference on computer vision and pattern recognition},
  pages={3431--3440},
  year={2015}
}

@inproceedings{li2017fully,
  title={Fully convolutional instance-aware semantic segmentation},
  author={Li, Yi and Qi, Haozhi and Dai, Jifeng and Ji, Xiangyang and Wei, Yichen},
  booktitle={Proceedings of the IEEE conference on computer vision and pattern recognition},
  pages={2359--2367},
  year={2017}
}


@article{chen2014semantic,
  title={Semantic image segmentation with deep convolutional nets and fully connected crfs},
  author={Chen, Liang-Chieh and Papandreou, George and Kokkinos, Iasonas and Murphy, Kevin and Yuille, Alan L},
  journal={arXiv preprint arXiv:1412.7062},
  year={2014}
}

@inproceedings{girshick2014rcnn,
  title={Rich feature hierarchies for accurate object detection and semantic segmentation},
  author={Girshick, Ross and Donahue, Jeff and Darrell, Trevor and Malik, Jitendra},
  booktitle={Proceedings of the IEEE conference on computer vision and pattern recognition},
  pages={580--587},
  year={2014}
}


@article{ren2015faster,
  title={Faster r-cnn: Towards real-time object detection with region proposal networks},
  author={Ren, Shaoqing and He, Kaiming and Girshick, Ross and Sun, Jian},
  journal={Advances in neural information processing systems},
  volume={28},
  year={2015}
}

@inproceedings{girshick2015fast,
  title={Fast r-cnn},
  author={Girshick, Ross},
  booktitle={Proceedings of the IEEE international conference on computer vision},
  pages={1440--1448},
  year={2015}
}

@inproceedings{redmon2016yolo,
  title={You only look once: Unified, real-time object detection},
  author={Redmon, Joseph and Divvala, Santosh and Girshick, Ross and Farhadi, Ali},
  booktitle={Proceedings of the IEEE conference on computer vision and pattern recognition},
  pages={779--788},
  year={2016}
}

@inproceedings{liu2016ssd,
  title={Ssd: Single shot multibox detector},
  author={Liu, Wei and Anguelov, Dragomir and Erhan, Dumitru and Szegedy, Christian and Reed, Scott and Fu, Cheng-Yang and Berg, Alexander C},
  booktitle={European conference on computer vision},
  pages={21--37},
  year={2016},
  organization={Springer}
}

@inproceedings{ku2018joint,
  title={Joint 3d proposal generation and object detection from view aggregation},
  author={Ku, Jason and Mozifian, Melissa and Lee, Jungwook and Harakeh, Ali and Waslander, Steven L},
  booktitle={2018 IEEE/RSJ International Conference on Intelligent Robots and Systems (IROS)},
  pages={1--8},
  year={2018},
  organization={IEEE}
}

@inproceedings{qi2018frustum,
  title={Frustum pointnets for 3d object detection from rgb-d data},
  author={Qi, Charles R and Liu, Wei and Wu, Chenxia and Su, Hao and Guibas, Leonidas J},
  booktitle={Proceedings of the IEEE conference on computer vision and pattern recognition},
  pages={918--927},
  year={2018}
}

@inproceedings{zhou2018voxelnet,
  title={Voxelnet: End-to-end learning for point cloud based 3d object detection},
  author={Zhou, Yin and Tuzel, Oncel},
  booktitle={Proceedings of the IEEE conference on computer vision and pattern recognition},
  pages={4490--4499},
  year={2018}
}


@inproceedings{wang2019densefusion,
  title={Densefusion: 6d object pose estimation by iterative dense fusion},
  author={Wang, Chen and Xu, Danfei and Zhu, Yuke and Mart{\'\i}n-Mart{\'\i}n, Roberto and Lu, Cewu and Fei-Fei, Li and Savarese, Silvio},
  booktitle={Proceedings of the IEEE/CVF conference on computer vision and pattern recognition},
  pages={3343--3352},
  year={2019}
}


@article{xiang2017posecnn,
  title={Posecnn: A convolutional neural network for 6d object pose estimation in cluttered scenes},
  author={Xiang, Yu and Schmidt, Tanner and Narayanan, Venkatraman and Fox, Dieter},
  journal={arXiv preprint arXiv:1711.00199},
  year={2017}
}

@inproceedings{sharma2018beyond,
  title={Beyond pixels: Leveraging geometry and shape cues for online multi-object tracking},
  author={Sharma, Sarthak and Ansari, Junaid Ahmed and Murthy, J Krishna and Krishna, K Madhava},
  booktitle={2018 IEEE International Conference on Robotics and Automation (ICRA)},
  pages={3508--3515},
  year={2018},
  organization={IEEE}
}

@inproceedings{kim2021eagermot,
  title={Eagermot: 3d multi-object tracking via sensor fusion},
  author={Kim, Aleksandr and O{\v{s}}ep, Aljo{\v{s}}a and Leal-Taix{\'e}, Laura},
  booktitle={2021 IEEE International Conference on Robotics and Automation (ICRA)},
  pages={11315--11321},
  year={2021},
  organization={IEEE}
}

@article{pang2021simpletrack,
  title={Simpletrack: Understanding and rethinking 3d multi-object tracking},
  author={Pang, Ziqi and Li, Zhichao and Wang, Naiyan},
  journal={arXiv preprint arXiv:2111.09621},
  year={2021}
}


@article{liu2022bevfusion,
  title={BEVFusion: Multi-Task Multi-Sensor Fusion with Unified Bird's-Eye View Representation},
  author={Liu, Zhijian and Tang, Haotian and Amini, Alexander and Yang, Xingyu and Mao, Huizi and Rus, Daniela and Han, Song},
  journal={arXiv},
  year={2022}
}

@article{zhang2020nerf++,
  title={Nerf++: Analyzing and improving neural radiance fields},
  author={Zhang, Kai and Riegler, Gernot and Snavely, Noah and Koltun, Vladlen},
  journal={arXiv preprint arXiv:2010.07492},
  year={2020}
}

@inproceedings{weng2020gnn3dmot,
  title={Gnn3dmot: Graph neural network for 3d multi-object tracking with 2d-3d multi-feature learning},
  author={Weng, Xinshuo and Wang, Yongxin and Man, Yunze and Kitani, Kris M},
  booktitle={Proceedings of the IEEE/CVF Conference on Computer Vision and Pattern Recognition},
  pages={6499--6508},
  year={2020}
}


@article{yilmaz2006object,
  title={Object tracking: A survey},
  author={Yilmaz, Alper and Javed, Omar and Shah, Mubarak},
  journal={Acm computing surveys (CSUR)},
  volume={38},
  number={4},
  pages={13--es},
  year={2006},
  publisher={Acm New York, NY, USA}
}

@inproceedings{wu2013online,
  title={Online object tracking: A benchmark},
  author={Wu, Yi and Lim, Jongwoo and Yang, Ming-Hsuan},
  booktitle={Proceedings of the IEEE conference on computer vision and pattern recognition},
  pages={2411--2418},
  year={2013}
}

@article{smeulders2013visual,
  title={Visual tracking: An experimental survey},
  author={Smeulders, Arnold WM and Chu, Dung M and Cucchiara, Rita and Calderara, Simone and Dehghan, Afshin and Shah, Mubarak},
  journal={IEEE transactions on pattern analysis and machine intelligence},
  volume={36},
  number={7},
  pages={1442--1468},
  year={2013},
  publisher={IEEE}
}

@inproceedings{beker2020monocular,
  title={Monocular differentiable rendering for self-supervised 3d object detection},
  author={Beker, Deniz and Kato, Hiroharu and Morariu, Mihai Adrian and Ando, Takahiro and Matsuoka, Toru and Kehl, Wadim and Gaidon, Adrien},
  booktitle={European Conference on Computer Vision},
  pages={514--529},
  year={2020},
  organization={Springer}
}

@inproceedings{zakharov2020autolabeling,
  title={Autolabeling 3d objects with differentiable rendering of sdf shape priors},
  author={Zakharov, Sergey and Kehl, Wadim and Bhargava, Arjun and Gaidon, Adrien},
  booktitle={Proceedings of the IEEE/CVF Conference on Computer Vision and Pattern Recognition},
  pages={12224--12233},
  year={2020}
}

@article{mao2022review3dod,
  title={3d object detection for autonomous driving: A review and new outlooks},
  author={Mao, Jiageng and Shi, Shaoshuai and Wang, Xiaogang and Li, Hongsheng},
  journal={arXiv preprint arXiv:2206.09474},
  year={2022}
}

@inproceedings{xiang2015voxel3dod,
  title={Data-driven 3d voxel patterns for object category recognition},
  author={Xiang, Yu and Choi, Wongun and Lin, Yuanqing and Savarese, Silvio},
  booktitle={Proceedings of the IEEE conference on computer vision and pattern recognition},
  pages={1903--1911},
  year={2015}
}

@inproceedings{he2019mono3d++,
  title={Mono3d++: Monocular 3d vehicle detection with two-scale 3d hypotheses and task priors},
  author={He, Tong and Soatto, Stefano},
  booktitle={Proceedings of the AAAI Conference on Artificial Intelligence},
  volume={33},
  number={01},
  pages={8409--8416},
  year={2019}
}

@inproceedings{ku2019monocular,
  title={Monocular 3d object detection leveraging accurate proposals and shape reconstruction},
  author={Ku, Jason and Pon, Alex D and Waslander, Steven L},
  booktitle={Proceedings of the IEEE/CVF conference on computer vision and pattern recognition},
  pages={11867--11876},
  year={2019}
}

@inproceedings{xiang2021neutex,
  title={Neutex: Neural texture mapping for volumetric neural rendering},
  author={Xiang, Fanbo and Xu, Zexiang and Hasan, Milos and Hold-Geoffroy, Yannick and Sunkavalli, Kalyan and Su, Hao},
  booktitle={Proceedings of the IEEE/CVF Conference on Computer Vision and Pattern Recognition},
  pages={7119--7128},
  year={2021}
}

@article{koestler2022intrinsic,
  title={Intrinsic neural fields: Learning functions on manifolds},
  author={Koestler, Lukas and Grittner, Daniel and Moeller, Michael and Cremers, Daniel and L{\"a}hner, Zorah},
  journal={arXiv preprint arXiv:2203.07967},
  volume={2},
  year={2022}
}

@inproceedings{kellnhofer2021neural,
  title={Neural lumigraph rendering},
  author={Kellnhofer, Petr and Jebe, Lars C and Jones, Andrew and Spicer, Ryan and Pulli, Kari and Wetzstein, Gordon},
  booktitle={Proceedings of the IEEE/CVF Conference on Computer Vision and Pattern Recognition},
  pages={4287--4297},
  year={2021}
}


@inproceedings{scheidegger2018mono,
  title={Mono-camera 3d multi-object tracking using deep learning detections and pmbm filtering},
  author={Scheidegger, Samuel and Benjaminsson, Joachim and Rosenberg, Emil and Krishnan, Amrit and Granstr{\"o}m, Karl},
  booktitle={2018 IEEE Intelligent Vehicles Symposium (IV)},
  pages={433--440},
  year={2018},
  organization={IEEE}
}


@article{luiten2020track,
  title={Track to reconstruct and reconstruct to track},
  author={Luiten, Jonathon and Fischer, Tobias and Leibe, Bastian},
  journal={IEEE Robotics and Automation Letters},
  volume={5},
  number={2},
  pages={1803--1810},
  year={2020},
  publisher={IEEE}
}

@inproceedings{osep2017combined,
  title={Combined image-and world-space tracking in traffic scenes},
  author={Osep, Aljo{\v{s}}a and Mehner, Wolfgang and Mathias, Markus and Leibe, Bastian},
  booktitle={2017 IEEE International Conference on Robotics and Automation (ICRA)},
  pages={1988--1995},
  year={2017},
  organization={IEEE}
}


@article{chen2011kalman,
  title={Kalman filter for robot vision: a survey},
  author={Chen, SY},
  journal={IEEE Transactions on industrial electronics},
  volume={59},
  number={11},
  pages={4409--4420},
  year={2011},
  publisher={IEEE}
}

@article{nguyen2004fast,
  title={Fast occluded object tracking by a robust appearance filter},
  author={Nguyen, Hieu Tat and Smeulders, Arnold WM},
  journal={IEEE transactions on pattern analysis and machine intelligence},
  volume={26},
  number={8},
  pages={1099--1104},
  year={2004},
  publisher={IEEE}
}

@article{kalman1960new,
  title={A new approach to linear filtering and prediction problems},
  author={Kalman, Rudolph Emil},
  year={1960}
}

@inproceedings{yuan2021star,
  title={Star: Self-supervised tracking and reconstruction of rigid objects in motion with neural rendering},
  author={Yuan, Wentao and Lv, Zhaoyang and Schmidt, Tanner and Lovegrove, Steven},
  booktitle={Proceedings of the IEEE/CVF Conference on Computer Vision and Pattern Recognition},
  pages={13144--13152},
  year={2021}
}


@inproceedings{chou2022gensdf,
title={GenSDF: Two-Stage Learning of Generalizable Signed Distance Functions},
author={Chou, Gene and Chugunov, Ilya and Heide, Felix},
booktitle={Proc. of Neural Information Processing Systems (NeurIPS)},
year={2022}
}

@inproceedings{huang2021joint,
  title={Joint Multi-Object Detection and Tracking with Camera-LiDAR Fusion for Autonomous Driving},
  author={Huang, Kemiao and Hao, Qi},
  booktitle={2021 IEEE/RSJ International Conference on Intelligent Robots and Systems (IROS)},
  pages={6983--6989},
  year={2021},
  organization={IEEE}
}

@article{alvarez2019people,
  title={People detection and tracking using LIDAR sensors},
  author={{\'A}lvarez-Aparicio, Claudia and Guerrero-Higueras, {\'A}ngel Manuel and Rodr{\'\i}guez-Lera, Francisco Javier and Gin{\'e}s Clavero, Jonatan and Mart{\'\i}n Rico, Francisco and Matell{\'a}n, Vicente},
  journal={Robotics},
  volume={8},
  number={3},
  pages={75},
  year={2019},
  publisher={MDPI}
}

@inproceedings{dewan2016motion,
  title={Motion-based detection and tracking in 3d lidar scans},
  author={Dewan, Ayush and Caselitz, Tim and Tipaldi, Gian Diego and Burgard, Wolfram},
  booktitle={2016 IEEE international conference on robotics and automation (ICRA)},
  pages={4508--4513},
  year={2016},
  organization={IEEE}
}

@inproceedings{hu2019joint,
  title={Joint monocular 3D vehicle detection and tracking},
  author={Hu, Hou-Ning and Cai, Qi-Zhi and Wang, Dequan and Lin, Ji and Sun, Min and Krahenbuhl, Philipp and Darrell, Trevor and Yu, Fisher},
  booktitle={Proceedings of the IEEE/CVF International Conference on Computer Vision},
  pages={5390--5399},
  year={2019}
}


@inproceedings{wang2020uncertainty,
  title={Uncertainty-aware self-supervised 3d data association},
  author={Wang, Jianren and Ancha, Siddharth and Chen, Yi-Ting and Held, David},
  booktitle={2020 IEEE/RSJ International Conference on Intelligent Robots and Systems (IROS)},
  pages={8125--8132},
  year={2020},
  organization={IEEE}
}

@inproceedings{breitenstein2009robust,
  title={Robust tracking-by-detection using a detector confidence particle filter},
  author={Breitenstein, Michael D and Reichlin, Fabian and Leibe, Bastian and Koller-Meier, Esther and Van Gool, Luc},
  booktitle={2009 IEEE 12th International Conference on Computer Vision},
  pages={1515--1522},
  year={2009},
  organization={IEEE}
}

@article{kalal2011tracking,
  title={Tracking-learning-detection},
  author={Kalal, Zdenek and Mikolajczyk, Krystian and Matas, Jiri},
  journal={IEEE transactions on pattern analysis and machine intelligence},
  volume={34},
  number={7},
  pages={1409--1422},
  year={2011},
  publisher={IEEE}
}

@inproceedings{vondrick2018tracking,
  title={Tracking emerges by colorizing videos},
  author={Vondrick, Carl and Shrivastava, Abhinav and Fathi, Alireza and Guadarrama, Sergio and Murphy, Kevin},
  booktitle={Proceedings of the European conference on computer vision (ECCV)},
  pages={391--408},
  year={2018}
}

@article{jabri2020space,
  title={Space-time correspondence as a contrastive random walk},
  author={Jabri, Allan and Owens, Andrew and Efros, Alexei},
  journal={Advances in neural information processing systems},
  volume={33},
  pages={19545--19560},
  year={2020}
}

@inproceedings{yang2021self,
  title={Self-supervised video object segmentation by motion grouping},
  author={Yang, Charig and Lamdouar, Hala and Lu, Erika and Zisserman, Andrew and Xie, Weidi},
  booktitle={Proceedings of the IEEE/CVF International Conference on Computer Vision},
  pages={7177--7188},
  year={2021}
}

@article{bastani2021self,
  title={Self-Supervised Multi-Object Tracking with Cross-Input Consistency},
  author={Bastani, Favyen and He, Songtao and Madden, Samuel},
  journal={Advances in Neural Information Processing Systems},
  volume={34},
  pages={13695--13706},
  year={2021}
}

@inproceedings{wojke2017simple,
  title={Simple online and realtime tracking with a deep association metric},
  author={Wojke, Nicolai and Bewley, Alex and Paulus, Dietrich},
  booktitle={2017 IEEE international conference on image processing (ICIP)},
  pages={3645--3649},
  year={2017},
  organization={IEEE}
}

@inproceedings{bewley2016simple,
  title={Simple online and realtime tracking},
  author={Bewley, Alex and Ge, Zongyuan and Ott, Lionel and Ramos, Fabio and Upcroft, Ben},
  booktitle={2016 IEEE international conference on image processing (ICIP)},
  pages={3464--3468},
  year={2016},
  organization={IEEE}
}

@article{cao2022observation,
  title={Observation-Centric SORT: Rethinking SORT for Robust Multi-Object Tracking},
  author={Cao, Jinkun and Weng, Xinshuo and Khirodkar, Rawal and Pang, Jiangmiao and Kitani, Kris},
  journal={arXiv preprint arXiv:2203.14360},
  year={2022}
}

@article{zeng2105motr,
  title={MOTR: End-to-End Multiple-Object Tracking with TRansformer. arXiv 2021},
  author={Zeng, F and Dong, B and Wang, T and Chen, C and Zhang, X and Wei, Y},
  journal={arXiv preprint arXiv:2105.03247}
}

@article{sun2020transtrack,
  title={Transtrack: Multiple object tracking with transformer},
  author={Sun, Peize and Cao, Jinkun and Jiang, Yi and Zhang, Rufeng and Xie, Enze and Yuan, Zehuan and Wang, Changhu and Luo, Ping},
  journal={arXiv preprint arXiv:2012.15460},
  year={2020}
}

@inproceedings{meinhardt2022trackformer,
  title={Trackformer: Multi-object tracking with transformers},
  author={Meinhardt, Tim and Kirillov, Alexander and Leal-Taixe, Laura and Feichtenhofer, Christoph},
  booktitle={Proceedings of the IEEE/CVF Conference on Computer Vision and Pattern Recognition},
  pages={8844--8854},
  year={2022}
}

@inproceedings{bergmann2019tracking,
  title={Tracking without bells and whistles},
  author={Bergmann, Philipp and Meinhardt, Tim and Leal-Taixe, Laura},
  booktitle={Proceedings of the IEEE/CVF International Conference on Computer Vision},
  pages={941--951},
  year={2019}
}

@inproceedings{cai2022memot,
  title={MeMOT: Multi-Object Tracking with Memory},
  author={Cai, Jiarui and Xu, Mingze and Li, Wei and Xiong, Yuanjun and Xia, Wei and Tu, Zhuowen and Soatto, Stefano},
  booktitle={Proceedings of the IEEE/CVF Conference on Computer Vision and Pattern Recognition},
  pages={8090--8100},
  year={2022}
}

@inproceedings{lai2020mast,
  title={Mast: A memory-augmented self-supervised tracker},
  author={Lai, Zihang and Lu, Erika and Xie, Weidi},
  booktitle={Proceedings of the IEEE/CVF Conference on Computer Vision and Pattern Recognition},
  pages={6479--6488},
  year={2020}
}

@inproceedings{wang2019learning,
  title={Learning correspondence from the cycle-consistency of time},
  author={Wang, Xiaolong and Jabri, Allan and Efros, Alexei A},
  booktitle={Proceedings of the IEEE/CVF Conference on Computer Vision and Pattern Recognition},
  pages={2566--2576},
  year={2019}
}

@article{lai2019self,
  title={Self-supervised learning for video correspondence flow},
  author={Lai, Zihang and Xie, Weidi},
  journal={arXiv preprint arXiv:1905.00875},
  year={2019}
}

@inproceedings{xu2021rethinking,
  title={Rethinking self-supervised correspondence learning: A video frame-level similarity perspective},
  author={Xu, Jiarui and Wang, Xiaolong},
  booktitle={Proceedings of the IEEE/CVF International Conference on Computer Vision},
  pages={10075--10085},
  year={2021}
}

@article{liao2021transmatcher,
  title={TransMatcher: Deep Image Matching Through Transformers for Generalizable Person Re-identification},
  author={Liao, Shengcai and Shao, Ling},
  journal={Advances in Neural Information Processing Systems},
  volume={34},
  pages={1992--2003},
  year={2021}
}

@inproceedings{Wojke2018deep,
  title={Deep Cosine Metric Learning for Person Re-identification},
  author={Wojke, Nicolai and Bewley, Alex},
  booktitle={2018 IEEE Winter Conference on Applications of Computer Vision (WACV)},
  year={2018},
  pages={748--756},
  organization={IEEE},
  doi={10.1109/WACV.2018.00087}
}

@inproceedings{carion2020end,
  title={End-to-end object detection with transformers},
  author={Carion, Nicolas and Massa, Francisco and Synnaeve, Gabriel and Usunier, Nicolas and Kirillov, Alexander and Zagoruyko, Sergey},
  booktitle={European conference on computer vision},
  pages={213--229},
  year={2020},
  organization={Springer}
}

@article{vaswani2017attention,
  title={Attention is all you need},
  author={Vaswani, Ashish and Shazeer, Noam and Parmar, Niki and Uszkoreit, Jakob and Jones, Llion and Gomez, Aidan N and Kaiser, {\L}ukasz and Polosukhin, Illia},
  journal={Advances in neural information processing systems},
  volume={30},
  year={2017}
}

@article{dosovitskiy2020image,
  title={An image is worth 16x16 words: Transformers for image recognition at scale},
  author={Dosovitskiy, Alexey and Beyer, Lucas and Kolesnikov, Alexander and Weissenborn, Dirk and Zhai, Xiaohua and Unterthiner, Thomas and Dehghani, Mostafa and Minderer, Matthias and Heigold, Georg and Gelly, Sylvain and others},
  journal={arXiv preprint arXiv:2010.11929},
  year={2020}
}

@inproceedings{chen2020simple,
  title={A simple framework for contrastive learning of visual representations},
  author={Chen, Ting and Kornblith, Simon and Norouzi, Mohammad and Hinton, Geoffrey},
  booktitle={International conference on machine learning},
  pages={1597--1607},
  year={2020},
  organization={PMLR}
}

@inproceedings{zbontar2021barlow,
  title={Barlow twins: Self-supervised learning via redundancy reduction},
  author={Zbontar, Jure and Jing, Li and Misra, Ishan and LeCun, Yann and Deny, St{\'e}phane},
  booktitle={International Conference on Machine Learning},
  pages={12310--12320},
  year={2021},
  organization={PMLR}
}

@inproceedings{he2020momentum,
  title={Momentum contrast for unsupervised visual representation learning},
  author={He, Kaiming and Fan, Haoqi and Wu, Yuxin and Xie, Saining and Girshick, Ross},
  booktitle={Proceedings of the IEEE/CVF conference on computer vision and pattern recognition},
  pages={9729--9738},
  year={2020}
}

@inproceedings{bian2022learning,
  title={Learning pixel trajectories with multiscale contrastive random walks},
  author={Bian, Zhangxing and Jabri, Allan and Efros, Alexei A and Owens, Andrew},
  booktitle={Proceedings of the IEEE/CVF Conference on Computer Vision and Pattern Recognition},
  pages={6508--6519},
  year={2022}
}

@inproceedings{yang2019hierarchical,
  title={Hierarchical deep stereo matching on high-resolution images},
  author={Yang, Gengshan and Manela, Joshua and Happold, Michael and Ramanan, Deva},
  booktitle={Proceedings of the IEEE/CVF Conference on Computer Vision and Pattern Recognition},
  pages={5515--5524},
  year={2019}
}

@inproceedings{bochinski2017high,
  title={High-speed tracking-by-detection without using image information},
  author={Bochinski, Erik and Eiselein, Volker and Sikora, Thomas},
  booktitle={2017 14th IEEE international conference on advanced video and signal based surveillance (AVSS)},
  pages={1--6},
  year={2017},
  organization={IEEE}
}

@InProceedings{tracktor_2019_ICCV,
  author = {Bergmann, Philipp and Meinhardt, Tim and Leal{-}Taix{\'{e}}, Laura},
  title = {Tracking Without Bells and Whistles},
  booktitle = {The IEEE International Conference on Computer Vision (ICCV)},
  month = {October},
  year = {2019}}

@INPROCEEDINGS{Geiger2012CVPR,
  author = {Andreas Geiger and Philip Lenz and Raquel Urtasun},
  title = {Are we ready for Autonomous Driving? The KITTI Vision Benchmark Suite},
  booktitle = {Conference on Computer Vision and Pattern Recognition (CVPR)},
  year = {2012}
}

@inproceedings{tokmakov2021learning,
  title={Learning to track with object permanence},
  author={Tokmakov, Pavel and Li, Jie and Burgard, Wolfram and Gaidon, Adrien},
  booktitle={Proceedings of the IEEE/CVF International Conference on Computer Vision},
  pages={10860--10869},
  year={2021}
}

@INPROCEEDINGS { Argoverse2,
  author = {Benjamin Wilson and William Qi and Tanmay Agarwal and John Lambert and Jagjeet Singh and Siddhesh Khandelwal and Bowen Pan and Ratnesh Kumar and Andrew Hartnett and Jhony Kaesemodel Pontes and Deva Ramanan and Peter Carr and James Hays},
  title = {Argoverse 2: Next Generation Datasets for Self-driving Perception and Forecasting},
  booktitle = {Proceedings of the Neural Information Processing Systems Track on Datasets and Benchmarks (NeurIPS Datasets and Benchmarks 2021)},
  year = {2021}
}

@inproceedings{lin2014microsoft,
  title={Microsoft coco: Common objects in context},
  author={Lin, Tsung-Yi and Maire, Michael and Belongie, Serge and Hays, James and Perona, Pietro and Ramanan, Deva and Doll{\'a}r, Piotr and Zitnick, C Lawrence},
  booktitle={European conference on computer vision},
  pages={740--755},
  year={2014},
  organization={Springer}
}

@inproceedings{lin2017feature,
  title={Feature pyramid networks for object detection},
  author={Lin, Tsung-Yi and Doll{\'a}r, Piotr and Girshick, Ross and He, Kaiming and Hariharan, Bharath and Belongie, Serge},
  booktitle={Proceedings of the IEEE conference on computer vision and pattern recognition},
  pages={2117--2125},
  year={2017}
}
@inproceedings{he2016deep,
  title={Deep residual learning for image recognition},
  author={He, Kaiming and Zhang, Xiangyu and Ren, Shaoqing and Sun, Jian},
  booktitle={Proceedings of the IEEE conference on computer vision and pattern recognition},
  pages={770--778},
  year={2016}
}

@inproceedings{teed2020raft,
  title={Raft: Recurrent all-pairs field transforms for optical flow},
  author={Teed, Zachary and Deng, Jia},
  booktitle={European conference on computer vision},
  pages={402--419},
  year={2020},
  organization={Springer}
}

@article{milan2016mot16,
  title={MOT16: A benchmark for multi-object tracking},
  author={Milan, Anton and Leal-Taix{\'e}, Laura and Reid, Ian and Roth, Stefan and Schindler, Konrad},
  journal={arXiv preprint arXiv:1603.00831},
  year={2016}
}

@inproceedings{caesar2020nuscenes,
  title={nuscenes: A multimodal dataset for autonomous driving},
  author={Caesar, Holger and Bankiti, Varun and Lang, Alex H and Vora, Sourabh and Liong, Venice Erin and Xu, Qiang and Krishnan, Anush and Pan, Yu and Baldan, Giancarlo and Beijbom, Oscar},
  booktitle={Proceedings of the IEEE/CVF conference on computer vision and pattern recognition},
  pages={11621--11631},
  year={2020}
}

@inproceedings{voigtlaender2019feelvos,
  title={Feelvos: Fast end-to-end embedding learning for video object segmentation},
  author={Voigtlaender, Paul and Chai, Yuning and Schroff, Florian and Adam, Hartwig and Leibe, Bastian and Chen, Liang-Chieh},
  booktitle={Proceedings of the IEEE/CVF Conference on Computer Vision and Pattern Recognition},
  pages={9481--9490},
  year={2019}
}

@article{wang2022recent,
  title={Recent Advances in Embedding Methods for Multi-Object Tracking: A Survey},
  author={Wang, Gaoang and Song, Mingli and Hwang, Jenq-Neng},
  journal={arXiv preprint arXiv:2205.10766},
  year={2022}
}

@article{rakai2021data,
  title={Data association in multiple object tracking: A survey of recent techniques},
  author={Rakai, Lionel and Song, Huansheng and Sun, ShiJie and Zhang, Wentao and Yang, Yanni},
  journal={Expert Systems with Applications},
  pages={116300},
  year={2021},
  publisher={Elsevier}
}

@article{ciaparrone2020deep,
  title={Deep learning in video multi-object tracking: A survey},
  author={Ciaparrone, Gioele and S{\'a}nchez, Francisco Luque and Tabik, Siham and Troiano, Luigi and Tagliaferri, Roberto and Herrera, Francisco},
  journal={Neurocomputing},
  volume={381},
  pages={61--88},
  year={2020},
  publisher={Elsevier}
}

@article{jiao2019survey,
  title={A survey of deep learning-based object detection},
  author={Jiao, Licheng and Zhang, Fan and Liu, Fang and Yang, Shuyuan and Li, Lingling and Feng, Zhixi and Qu, Rong},
  journal={IEEE access},
  volume={7},
  pages={128837--128868},
  year={2019},
  publisher={IEEE}
}

@article{zaidi2022survey,
  title={A survey of modern deep learning based object detection models},
  author={Zaidi, Syed Sahil Abbas and Ansari, Mohammad Samar and Aslam, Asra and Kanwal, Nadia and Asghar, Mamoona and Lee, Brian},
  journal={Digital Signal Processing},
  pages={103514},
  year={2022},
  publisher={Elsevier}
}

@article{wei2022contrastive,
  title={Contrastive Learning Rivals Masked Image Modeling in Fine-tuning via Feature Distillation},
  author={Wei, Yixuan and Hu, Han and Xie, Zhenda and Zhang, Zheng and Cao, Yue and Bao, Jianmin and Chen, Dong and Guo, Baining},
  journal={arXiv preprint arXiv:2205.14141},
  year={2022}
}


@inproceedings{liu2021swin,
  title={Swin transformer: Hierarchical vision transformer using shifted windows},
  author={Liu, Ze and Lin, Yutong and Cao, Yue and Hu, Han and Wei, Yixuan and Zhang, Zheng and Lin, Stephen and Guo, Baining},
  booktitle={Proceedings of the IEEE/CVF International Conference on Computer Vision},
  pages={10012--10022},
  year={2021}
}


@article{he2015spatial,
  title={Spatial pyramid pooling in deep convolutional networks for visual recognition},
  author={He, Kaiming and Zhang, Xiangyu and Ren, Shaoqing and Sun, Jian},
  journal={IEEE transactions on pattern analysis and machine intelligence},
  volume={37},
  number={9},
  pages={1904--1916},
  year={2015},
  publisher={IEEE}
}

@article{zhu2020deformable,
  title={Deformable detr: Deformable transformers for end-to-end object detection},
  author={Zhu, Xizhou and Su, Weijie and Lu, Lewei and Li, Bin and Wang, Xiaogang and Dai, Jifeng},
  journal={arXiv preprint arXiv:2010.04159},
  year={2020}
}

@inproceedings{chu2019famnet,
  title={Famnet: Joint learning of feature, affinity and multi-dimensional assignment for online multiple object tracking},
  author={Chu, Peng and Ling, Haibin},
  booktitle={Proceedings of the IEEE/CVF International Conference on Computer Vision},
  pages={6172--6181},
  year={2019}
}

@inproceedings{zhang2019robust,
  title={Robust multi-modality multi-object tracking},
  author={Zhang, Wenwei and Zhou, Hui and Sun, Shuyang and Wang, Zhe and Shi, Jianping and Loy, Chen Change},
  booktitle={Proceedings of the IEEE/CVF International Conference on Computer Vision},
  pages={2365--2374},
  year={2019}
}

@inproceedings{braso2020learning,
  title={Learning a neural solver for multiple object tracking},
  author={Bras{\'o}, Guillem and Leal-Taix{\'e}, Laura},
  booktitle={Proceedings of the IEEE/CVF conference on computer vision and pattern recognition},
  pages={6247--6257},
  year={2020}
}

@inproceedings{xiong2021multiview,
  title={Multiview pseudo-labeling for semi-supervised learning from video},
  author={Xiong, Bo and Fan, Haoqi and Grauman, Kristen and Feichtenhofer, Christoph},
  booktitle={Proceedings of the IEEE/CVF International Conference on Computer Vision},
  pages={7209--7219},
  year={2021}
}

@article{yuan2020self,
  title={Self-supervised deep correlation tracking},
  author={Yuan, Di and Chang, Xiaojun and Huang, Po-Yao and Liu, Qiao and He, Zhenyu},
  journal={IEEE Transactions on Image Processing},
  volume={30},
  pages={976--985},
  year={2020},
  publisher={IEEE}
}

@article{hung2020soda,
  title={SoDA: Multi-object tracking with soft data association},
  author={Hung, Wei-Chih and Kretzschmar, Henrik and Lin, Tsung-Yi and Chai, Yuning and Yu, Ruichi and Yang, Ming-Hsuan and Anguelov, Dragomir},
  journal={arXiv preprint arXiv:2008.07725},
  year={2020}
}


@inproceedings{li2022learning,
  title={Learning of Global Objective for Network Flow in Multi-Object Tracking},
  author={Li, Shuai and Kong, Yu and Rezatofighi, Hamid},
  booktitle={Proceedings of the IEEE/CVF Conference on Computer Vision and Pattern Recognition},
  pages={8855--8865},
  year={2022}
}

@inproceedings{stadler2021improving,
  title={Improving multiple pedestrian tracking by track management and occlusion handling},
  author={Stadler, Daniel and Beyerer, Jurgen},
  booktitle={Proceedings of the IEEE/CVF conference on computer vision and pattern recognition},
  pages={10958--10967},
  year={2021}
}

@article{tokmakov2022object,
  title={Object Permanence Emerges in a Random Walk along Memory},
  author={Tokmakov, Pavel and Jabri, Allan and Li, Jie and Gaidon, Adrien},
  journal={arXiv preprint arXiv:2204.01784},
  year={2022}
}

@inproceedings{possegger2014occlusion,
  title={Occlusion geodesics for online multi-object tracking},
  author={Possegger, Horst and Mauthner, Thomas and Roth, Peter M and Bischof, Horst},
  booktitle={proceedings of the IEEE Conference on Computer Vision and Pattern Recognition},
  pages={1306--1313},
  year={2014}
}

@article{liu2022online,
  title={Online multi-object tracking with unsupervised re-identification learning and occlusion estimation},
  author={Liu, Qiankun and Chen, Dongdong and Chu, Qi and Yuan, Lu and Liu, Bin and Zhang, Lei and Yu, Nenghai},
  journal={Neurocomputing},
  volume={483},
  pages={333--347},
  year={2022},
  publisher={Elsevier}
}

@inproceedings{he2021learnable,
  title={Learnable graph matching: Incorporating graph partitioning with deep feature learning for multiple object tracking},
  author={He, Jiawei and Huang, Zehao and Wang, Naiyan and Zhang, Zhaoxiang},
  booktitle={Proceedings of the IEEE/CVF conference on computer vision and pattern recognition},
  pages={5299--5309},
  year={2021}
}

@inproceedings{guo2021online,
  title={Online multiple object tracking with cross-task synergy},
  author={Guo, Song and Wang, Jingya and Wang, Xinchao and Tao, Dacheng},
  booktitle={Proceedings of the IEEE/CVF conference on computer vision and pattern recognition},
  pages={8136--8145},
  year={2021}
}

@inproceedings{zhou2022global,
  title={Global tracking transformers},
  author={Zhou, Xingyi and Yin, Tianwei and Koltun, Vladlen and Kr{\"a}henb{\"u}hl, Philipp},
  booktitle={Proceedings of the IEEE/CVF Conference on Computer Vision and Pattern Recognition},
  pages={8771--8780},
  year={2022}
}

@inproceedings{ma2022unified,
  title={Unified transformer tracker for object tracking},
  author={Ma, Fan and Shou, Mike Zheng and Zhu, Linchao and Fan, Haoqi and Xu, Yilei and Yang, Yi and Yan, Zhicheng},
  booktitle={Proceedings of the IEEE/CVF Conference on Computer Vision and Pattern Recognition},
  pages={8781--8790},
  year={2022}
}
@inproceedings{yang2018learning,
  title={Learning dynamic memory networks for object tracking},
  author={Yang, Tianyu and Chan, Antoni B},
  booktitle={Proceedings of the European conference on computer vision (ECCV)},
  pages={152--167},
  year={2018}
}

@inproceedings{fu2021stmtrack,
  title={Stmtrack: Template-free visual tracking with space-time memory networks},
  author={Fu, Zhihong and Liu, Qingjie and Fu, Zehua and Wang, Yunhong},
  booktitle={Proceedings of the IEEE/CVF Conference on Computer Vision and Pattern Recognition},
  pages={13774--13783},
  year={2021}
}

@inproceedings{li2020graph,
  title={Graph networks for multiple object tracking},
  author={Li, Jiahe and Gao, Xu and Jiang, Tingting},
  booktitle={Proceedings of the IEEE/CVF winter conference on applications of computer vision},
  pages={719--728},
  year={2020}
}

@inproceedings{wang2021joint,
  title={Joint object detection and multi-object tracking with graph neural networks},
  author={Wang, Yongxin and Kitani, Kris and Weng, Xinshuo},
  booktitle={2021 IEEE International Conference on Robotics and Automation (ICRA)},
  pages={13708--13715},
  year={2021},
  organization={IEEE}
}

@article{hyun2022detection,
  title={Detection Recovery in Online Multi-Object Tracking with Sparse Graph Tracker},
  author={Hyun, Jeongseok and Kang, Myunggu and Wee, Dongyoon and Yeung, Dit-Yan},
  journal={arXiv preprint arXiv:2205.00968},
  year={2022}
}

@article{zhang2022robust,
  title={Robust Multi-Object Tracking by Marginal Inference},
  author={Zhang, Yifu and Wang, Chunyu and Wang, Xinggang and Zeng, Wenjun and Liu, Wenyu},
  journal={arXiv preprint arXiv:2208.03727},
  year={2022}
}


@inproceedings{saleh2021probabilistic,
  title={Probabilistic tracklet scoring and inpainting for multiple object tracking},
  author={Saleh, Fatemeh and Aliakbarian, Sadegh and Rezatofighi, Hamid and Salzmann, Mathieu and Gould, Stephen},
  booktitle={Proceedings of the IEEE/CVF Conference on Computer Vision and Pattern Recognition},
  pages={14329--14339},
  year={2021}
}

@article{wang2021nerfmm,
  title={NeRF--: Neural radiance fields without known camera parameters},
  author={Wang, Zirui and Wu, Shangzhe and Xie, Weidi and Chen, Min and Prisacariu, Victor Adrian},
  journal={arXiv preprint arXiv:2102.07064},
  year={2021}
}

@inproceedings{yen2021inerf,
  title={iNeRF: Inverting neural radiance fields for pose estimation},
  author={Yen-Chen, Lin and Florence, Pete and Barron, Jonathan T and Rodriguez, Alberto and Isola, Phillip and Lin, Tsung-Yi},
  booktitle={2021 IEEE/RSJ International Conference on Intelligent Robots and Systems (IROS)},
  pages={1323--1330},
  year={2021},
  organization={IEEE}
}

@inproceedings{lin2021barf,
  title={Barf: Bundle-adjusting neural radiance fields},
  author={Lin, Chen-Hsuan and Ma, Wei-Chiu and Torralba, Antonio and Lucey, Simon},
  booktitle={Proceedings of the IEEE/CVF International Conference on Computer Vision},
  pages={5741--5751},
  year={2021}
}

@inproceedings {nimier2021material,
booktitle = {Eurographics Symposium on Rendering - DL-only Track},
editor = {Bousseau, Adrien and McGuire, Morgan},
title = {{Material and Lighting Reconstruction for Complex Indoor Scenes with Texture-space Differentiable Rendering}},
author = {Nimier-David, Merlin and Dong, Zhao and Jakob, Wenzel and Kaplanyan, Anton},
year = {2021},
publisher = {The Eurographics Association},
ISSN = {1727-3463},
ISBN = {978-3-03868-157-1},
DOI = {10.2312/sr.20211292}
}

@article{NimierDavidVicini2019Mitsuba2, author = {Merlin Nimier-David and Delio Vicini and Tizian Zeltner and Wenzel Jakob}, title = {Mitsuba 2: A Retargetable Forward and Inverse Renderer}, journal = {Transactions on Graphics (Proceedings of SIGGRAPH Asia)}, volume = {38}, number = {6}, year = {2019}, month = dec, doi = {10.1145/3355089.3356498} }


@inproceedings{guo2022nerfren,
  title={Nerfren: Neural radiance fields with reflections},
  author={Guo, Yuan-Chen and Kang, Di and Bao, Linchao and He, Yu and Zhang, Song-Hai},
  booktitle={Proceedings of the IEEE/CVF Conference on Computer Vision and Pattern Recognition},
  pages={18409--18418},
  year={2022}
}

@article{hart1996sphere,
  title={Sphere tracing: A geometric method for the antialiased ray tracing of implicit surfaces},
  author={Hart, John C},
  journal={The Visual Computer},
  volume={12},
  number={10},
  pages={527--545},
  year={1996},
  publisher={Citeseer}
}

@article{yariv2020multiview,
  title={Multiview neural surface reconstruction by disentangling geometry and appearance},
  author={Yariv, Lior and Kasten, Yoni and Moran, Dror and Galun, Meirav and Atzmon, Matan and Ronen, Basri and Lipman, Yaron},
  journal={Advances in Neural Information Processing Systems},
  volume={33},
  pages={2492--2502},
  year={2020}
}

@inproceedings{jiang2020sdfdiff,
  title={Sdfdiff: Differentiable rendering of signed distance fields for 3d shape optimization},
  author={Jiang, Yue and Ji, Dantong and Han, Zhizhong and Zwicker, Matthias},
  booktitle={Proceedings of the IEEE/CVF conference on computer vision and pattern recognition},
  pages={1251--1261},
  year={2020}
}

@inproceedings{liu2020dist,
  title={Dist: Rendering deep implicit signed distance function with differentiable sphere tracing},
  author={Liu, Shaohui and Zhang, Yinda and Peng, Songyou and Shi, Boxin and Pollefeys, Marc and Cui, Zhaopeng},
  booktitle={Proceedings of the IEEE/CVF Conference on Computer Vision and Pattern Recognition},
  pages={2019--2028},
  year={2020}
}


@techreport{shapenet2015,
  title       = {{ShapeNet: An Information-Rich 3D Model Repository}},
  author      = {Chang, Angel X. and Funkhouser, Thomas and Guibas, Leonidas and Hanrahan, Pat and Huang, Qixing and Li, Zimo and Savarese, Silvio and Savva, Manolis and Song, Shuran and Su, Hao and Xiao, Jianxiong and Yi, Li and Yu, Fisher},
  number      = {arXiv:1512.03012 [cs.GR]},
  institution = {Stanford University --- Princeton University --- Toyota Technological Institute at Chicago},
  year        = {2015}
}

@inproceedings{groueix2018papier,
  title={A papier-m{\^a}ch{\'e} approach to learning 3d surface generation},
  author={Groueix, Thibault and Fisher, Matthew and Kim, Vladimir G and Russell, Bryan C and Aubry, Mathieu},
  booktitle={Proceedings of the IEEE conference on computer vision and pattern recognition},
  pages={216--224},
  year={2018}
}

@phdthesis{strasser1974schnelle,
  title={Schnelle kurven-und fl{\"a}chendarstellung auf grafischen sichtger{\"a}ten},
  author={Stra{\ss}er, Wolfgang},
  year={1974}
}

@article{kuhn1955hungarian,
  title={The Hungarian method for the assignment problem},
  author={Kuhn, Harold W},
  journal={Naval research logistics quarterly},
  volume={2},
  number={1-2},
  pages={83--97},
  year={1955},
  publisher={Wiley Online Library}
}

@InProceedings{shen2023gina3d,
    author    = {Shen, Bokui and Yan, Xinchen and Qi, Charles R. and Najibi, Mahyar and Deng, Boyang and Guibas, Leonidas and Zhou, Yin and Anguelov, Dragomir},
    title     = {GINA-3D: Learning To Generate Implicit Neural Assets in the Wild},
    booktitle = {Proceedings of the IEEE/CVF Conference on Computer Vision and Pattern Recognition (CVPR)},
    month     = {June},
    year      = {2023},
    pages     = {4913-4926}
}

@inproceedings{gao2022get3d,
title={GET3D: A Generative Model of High Quality 3D Textured Shapes Learned from Images},
author={Jun Gao and Tianchang Shen and Zian Wang and Wenzheng Chen and Kangxue Yin and Daiqing Li and Or Litany and Zan Gojcic and Sanja Fidler},
booktitle={Advances In Neural Information Processing Systems},
year={2022}
}

@article{hu2021QD3DT,
    author = {Hu, Hou-Ning and Yang, Yung-Hsu and Fischer, Tobias and Darrell, Trevor and Yu, Fisher and Sun, Min},
    title = {Monocular Quasi-Dense 3D Object Tracking},
    journal = {IEEE Transactions on Pattern Analysis and Machine Intelligence},
    year = {2022}
}

@article{wang2023StreamPETR,
  title={Exploring Object-Centric Temporal Modeling for Efficient Multi-View 3D Object Detection},
  author={Wang, Shihao and Liu, Yingfei and Wang, Tiancai and Li, Ying and Zhang, Xiangyu},
  journal={arXiv preprint arXiv:2303.11926},
  year={2023}
}

@inproceedings{pang2023PFtrack,
  title={Standing Between Past and Future: Spatio-Temporal Modeling for Multi-Camera 3D Multi-Object Tracking},
  author={Pang, Ziqi and Li, Jie and Tokmakov, Pavel and Chen, Dian and Zagoruyko, Sergey and Wang, Yu-Xiong},
  booktitle={Proceedings of the IEEE/CVF Conference on Computer Vision and Pattern Recognition},
  year={2023}
}

@article{shen2021dmtet,
  title={Deep marching tetrahedra: a hybrid representation for high-resolution 3d shape synthesis},
  author={Shen, Tianchang and Gao, Jun and Yin, Kangxue and Liu, Ming-Yu and Fidler, Sanja},
  journal={Advances in Neural Information Processing Systems},
  volume={34},
  pages={6087--6101},
  year={2021}
}

@inproceedings{karras2019styleGAN,
  title={A style-based generator architecture for generative adversarial networks},
  author={Karras, Tero and Laine, Samuli and Aila, Timo},
  booktitle={Proceedings of the IEEE/CVF conference on computer vision and pattern recognition},
  pages={4401--4410},
  year={2019}
}

@inproceedings{karras2020styleGAN2,
  title={Analyzing and improving the image quality of stylegan},
  author={Karras, Tero and Laine, Samuli and Aittala, Miika and Hellsten, Janne and Lehtinen, Jaakko and Aila, Timo},
  booktitle={Proceedings of the IEEE/CVF conference on computer vision and pattern recognition},
  pages={8110--8119},
  year={2020}
}

@inproceedings{zhang2018perceptual,
  title={The Unreasonable Effectiveness of Deep Features as a Perceptual Metric},
  author={Zhang, Richard and Isola, Phillip and Efros, Alexei A and Shechtman, Eli and Wang, Oliver},
  booktitle={CVPR},
  year={2018}
}

@article{laine2020modular,
  title={Modular primitives for high-performance differentiable rendering},
  author={Laine, Samuli and Hellsten, Janne and Karras, Tero and Seol, Yeongho and Lehtinen, Jaakko and Aila, Timo},
  journal={ACM Transactions on Graphics (TOG)},
  volume={39},
  number={6},
  pages={1--14},
  year={2020},
  publisher={ACM New York, NY, USA}
}

@article{yang2022qtrack,
  title={Quality matters: Embracing quality clues for robust 3d multi-object tracking},
  author={Yang, Jinrong and Yu, En and Li, Zeming and Li, Xiaoping and Tao, Wenbing},
  journal={arXiv preprint arXiv:2208.10976},
  year={2022}
}

@InProceedings{focalformer3d,
  title={FocalFormer3D: Focusing on Hard Instance for 3D Object Detection},
  author={Chen, Yilun and Yu, Zhiding and Chen, Yukang and Lan, Shiyi and Anandkumar, Anima and Jia, Jiaya and Alvarez, Jose M},
  journal={ICCV},
  year={2023}
}

@article{bai2021pointdsc,
  title={{TransFusion}: {R}obust {L}iDAR-{C}amera {F}usion for {3}D {O}bject {D}etection with {T}ransformers},
  author={Xuyang Bai, Zeyu Hu, Xinge Zhu, Qingqiu Huang, Yilun Chen, Hongbo Fu and Chiew-Lan Tai},
  journal={CVPR},
  year={2022}
}

@article{ho2020denoising,
  title={Denoising diffusion probabilistic models},
  author={Ho, Jonathan and Jain, Ajay and Abbeel, Pieter},
  journal={Advances in neural information processing systems},
  volume={33},
  pages={6840--6851},
  year={2020}
}

@inproceedings{nichol2021improved,
  title={Improved denoising diffusion probabilistic models},
  author={Nichol, Alexander Quinn and Dhariwal, Prafulla},
  booktitle={International Conference on Machine Learning},
  pages={8162--8171},
  year={2021},
  organization={PMLR}
}

@inproceedings{bernardin2006MOTA,
  title={Multiple object tracking performance metrics and evaluation in a smart room environment},
  author={Bernardin, Keni and Elbs, Alexander and Stiefelhagen, Rainer},
  booktitle={Sixth IEEE International Workshop on Visual Surveillance, in conjunction with ECCV},
  volume={90},
  number={91},
  year={2006},
  organization={Citeseer}
}

@inproceedings{kang2023gigaGAN,
  title={Scaling up gans for text-to-image synthesis},
  author={Kang, Minguk and Zhu, Jun-Yan and Zhang, Richard and Park, Jaesik and Shechtman, Eli and Paris, Sylvain and Park, Taesung},
  booktitle={Proceedings of the IEEE/CVF Conference on Computer Vision and Pattern Recognition},
  pages={10124--10134},
  year={2023}
}

@inproceedings{sauer2022styleganXL,
  title={Stylegan-xl: Scaling stylegan to large diverse datasets},
  author={Sauer, Axel and Schwarz, Katja and Geiger, Andreas},
  booktitle={ACM SIGGRAPH 2022 conference proceedings},
  pages={1--10},
  year={2022}
}